@book{fielding2000architectural,
  title={Architectural styles and the design of network-based software architectures},
  author={Fielding, Roy T and Taylor, Richard N},
  year={2000},
  publisher={University of California, Irvine Doctoral dissertation}
}
@article{krasner1988description,
  title={A description of the model-view-controller user interface paradigm in the smalltalk-80 system},
  author={Krasner, Glenn E and Pope, Stephen T and others},
  journal={Journal of object oriented programming},
  volume={1},
  number={3},
  pages={26--49},
  year={1988}
}
